<record><leader>00000cas a22000007a 4500</leader><controlfield tag="001">33032824</controlfield><controlfield tag="008">950824d18801882meuwr ne      0    0eng d</controlfield><datafield ind1=" " ind2=" " tag="010"><subfield code="a">sn 95067875 </subfield></datafield><datafield ind1=" " ind2=" " tag="040"><subfield code="a">MBN</subfield><subfield code="b">eng</subfield><subfield code="c">MBN</subfield><subfield code="d">OCLCQ</subfield><subfield code="d">OCLCF</subfield><subfield code="d">OCLCO</subfield></datafield><datafield ind1=" " ind2=" " tag="042"><subfield code="a">msc</subfield></datafield><datafield ind1=" " ind2=" " tag="043"><subfield code="a">n-us-me</subfield></datafield><datafield ind1="0" ind2="0" tag="245"><subfield code="a">York County advocate.</subfield></datafield><datafield ind1=" " ind2=" " tag="260"><subfield code="a">Springvale, Me. :</subfield><subfield code="b">Frank H. Dexter</subfield></datafield><datafield ind1=" " ind2=" " tag="300"><subfield code="a">v.</subfield></datafield><datafield ind1=" " ind2=" " tag="310"><subfield code="a">Weekly</subfield></datafield><datafield ind1="0" ind2=" " tag="362"><subfield code="a">Vol. 1, no. 1 (June 19, 1880)-v. 7, no. 13 (Sept. 22, 1882).</subfield></datafield><datafield ind1=" " ind2="0" tag="651"><subfield code="a">Springvale (Me.)</subfield><subfield code="v">Newspapers.</subfield></datafield><datafield ind1=" " ind2="7" tag="655"><subfield code="a">Newspapers.</subfield><subfield code="2">fast</subfield><subfield code="0">(OCoLC)fst01423814</subfield></datafield><datafield ind1=" " ind2="7" tag="651"><subfield code="a">Maine</subfield><subfield code="z">Springvale.</subfield><subfield code="2">fast</subfield><subfield code="0">(OCoLC)fst01219004</subfield></datafield><datafield ind1=" " ind2=" " tag="752"><subfield code="a">United States</subfield><subfield code="b">Maine</subfield><subfield code="c">York</subfield><subfield code="d">Springvale.</subfield></datafield><datafield ind1="0" ind2="0" tag="780"><subfield code="t">Springvale reporter</subfield><subfield code="w">(DLC)sn 84022566</subfield></datafield><datafield ind1="0" ind2="0" tag="785"><subfield code="t">Springvale advocate</subfield><subfield code="w">(DLC)sn 84026919</subfield></datafield></record>